<?xml version="1.0" encoding="UTF-8"?><collection xmlns="http://www.loc.gov/MARC21/slim"><record><leader>00473nam--2200181-u-4500</leader><controlfield tag="001">000056890</controlfield><controlfield tag="002">20200911</controlfield><controlfield tag="005">20200911042811</controlfield><controlfield tag="008">200911s1000------------r-----000-0-eng-d</controlfield><datafield ind1=" " ind2=" " tag="040"><subfield code="a">IFIN-HH</subfield></datafield><datafield ind1=" " ind2=" " tag="041"><subfield code="a">eng</subfield></datafield><datafield ind1="1" ind2=" " tag="100"><subfield code="a">Hodgson, P.E</subfield></datafield><datafield ind1="1" ind2="0" tag="245"><subfield code="a">Growth Points in Nuclear Physics. Vol. 1</subfield><subfield code="c">P.E. Hodgson</subfield></datafield><datafield ind1=" " ind2=" " tag="260"><subfield code="a">Oxford</subfield><subfield code="b">Pergamon Press</subfield><subfield code="c">1980</subfield></datafield><datafield ind1=" " ind2=" " tag="300"><subfield code="a">XI+219 p</subfield></datafield><datafield ind1=" " ind2=" " tag="500"><subfield code="a">Donatie Acad. Nicolae Zamfir</subfield></datafield><datafield ind1=" " ind2=" " tag="852"><subfield code="a">82826</subfield><subfield code="c">NVZ</subfield></datafield><datafield ind1=" " ind2=" " tag="CAT"><subfield code="a">SYS</subfield><subfield code="c">20200911</subfield><subfield code="h">042811</subfield></datafield></record></collection>